@book{sutton_rlbook,
  author    = {Sutton, Richard S. and Barto, Andrew G.},
  title     = {Reinforcement Learning: An Introduction},
  year      = {2018},
  isbn      = {0262039249},
  publisher = {A Bradford Book},
  address   = {Cambridge, MA, USA}
}
